@ARTICLE{Lyons:2010,
author={M. Lyons and M. Hempstead and G. Y. Wei and D. Brooks},
journal={IEEE Computer Architecture Letters},
title={The Accelerator Store framework for high-performance, low-power accelerator-based systems},
year={2010},
volume={9},
number={2},
pages={53-56},
keywords={low-power electronics;memory architecture;shared memory systems;storage management;accelerator store framework;energy consumption;hardware acceleration;high-performance low-power accelerator-based system;memory mapping;memory sharing;Acceleration;Memory management;Program processors;Random access memory;Real time systems;Throughput;Transform coding;General;Heterogeneous (hybrid) systems;Real-time and embedded systems},
doi={10.1109/L-CA.2010.16},
ISSN={1556-6056},
month={Feb},}

@INPROCEEDINGS{Cong:2012,
author={J. Cong and M. A. Ghodrat and M. Gill and B. Grigorian and G. Reinman},
booktitle={Design Automation Conference (DAC), 2012 49th ACM/EDAC/IEEE},
title={Architecture support for accelerator-rich CMPs},
year={2012},
pages={843-849},
keywords={interrupts;microprocessor chips;ARC architecture;OS overhead reduction;accelerator sharing;accelerator-rich CMP;architecture support;chip multiprocessor;energy improvement;hardware architectural support;hardware resource management scheme;hardware-based arbitration mechanism;interrupt handling;light-weight interrupt system;multiple core;simulation tool-chain;virtual accelerator;Acceleration;Computer architecture;Delay;Hardware;Message systems;Software;System-on-a-chip;Accelerator Sharing;Accelerator Virtualization;Chip multiprocessor;Hardware Accelerators},
doi={10.1145/2228360.2228512},
ISSN={0738-100X},
month={June},}

@INPROCEEDINGS{Taylor:2012,
author={M. B. Taylor},
booktitle={Design Automation Conference (DAC), 2012 49th ACM/EDAC/IEEE},
title={Is dark silicon useful? Harnessing the four horsemen of the coming dark silicon apocalypse},
year={2012},
pages={1131-1136},
keywords={computational complexity;electric breakdown;elemental semiconductors;energy conservation;integrated circuit design;power aware computing;silicon;Dennardian breakdown scaling;Dim silicon;Si;architectural technique;chip transistor;complexity;computational stack;dark silicon;energy consumption;energy efficiency;power consumption;process generation;silicon chip;utilization wall;Complexity theory;Hardware;Multicore processing;Program processors;Silicon;Transistors;Dark Silicon;Dennardian Scaling;Dim Silicon;Multicore;Near Threshold;Specialization;Utilization Wall},
ISSN={0738-100X},
month={June},}

Conservation Cores
Proves that there is a utilization wall
Talks about how specialization and heterogeneity are two solutions to the
utilization wall
@inproceedings{Venkatesh:2010,
     author = {Venkatesh, Ganesh and Sampson, Jack and Goulding, Nathan and
         Garcia, Saturnino and Bryksin, Vladyslav and Lugo-Martinez, Jose and
             Swanson, Steven and Taylor, Michael Bedford},
      title = {Conservation Cores: Reducing the Energy of Mature Computations},
       booktitle = {Proceedings of the Fifteenth Edition of ASPLOS on
           Architectural Support for Programming Languages and Operating
               Systems},
        series = {ASPLOS XV},
         year = {2010},
          isbn = {978-1-60558-839-1},
           location = {Pittsburgh, Pennsylvania, USA},
            pages = {205--218},
             numpages = {14},
              url = {http://doi.acm.org/10.1145/1736020.1736044},
               doi = {10.1145/1736020.1736044},
                acmid = {1736044},
                 publisher = {ACM},
                  address = {New York, NY, USA},
                   keywords = {conservation core, heterogeneous many-core,
                       patching, utilization wall},
}
